<?xml version='1.0' encoding='utf-8'?>
<record xmlns="http://www.loc.gov/MARC21/slim" xmlns:xsi="http://www.w3.org/2001/XMLSchema-instance">
  <leader>00000nicaa2200313^a^4500</leader>
  <controlfield tag="001">004063486</controlfield>
  <controlfield tag="005">20120207164902.0</controlfield>
  <controlfield tag="007">sd^fungnnmmunu</controlfield>
  <controlfield tag="008">000107i19uu19uuxx^nnn^^^^^^^^^^^^^^eng^d</controlfield>
  <datafield tag="035" ind1=" " ind2=" ">
    <subfield code="a">(OCoLC)704437170</subfield>
  </datafield>
  <datafield tag="040" ind1=" " ind2=" ">
    <subfield code="a">MiU-H</subfield>
    <subfield code="c">MiU-H</subfield>
    <subfield code="e">appm</subfield>
  </datafield>
  <datafield tag="100" ind1="1" ind2=" ">
    <subfield code="a">Franklin, C. L.</subfield>
    <subfield code="q">(Clarence LaVaughn),</subfield>
    <subfield code="d">1915-1984.</subfield>
  </datafield>
  <datafield tag="245" ind1="0" ind2="0">
    <subfield code="a">C. L. Franklin sound recording collection.</subfield>
  </datafield>
  <datafield tag="260" ind1=" " ind2=" ">
    <subfield code="a">[19--]-[19--]</subfield>
  </datafield>
  <datafield tag="300" ind1=" " ind2=" ">
    <subfield code="a">16 compact discs.</subfield>
  </datafield>
  <datafield tag="545" ind1=" " ind2=" ">
    <subfield code="a">Pastor of New Bethel Baptist Church, Detroit, Mich.</subfield>
  </datafield>
  <datafield tag="520" ind1=" " ind2=" ">
    <subfield code="a">Recordings of sermons.</subfield>
  </datafield>
  <datafield tag="505" ind1="0" ind2=" ">
    <subfield code="t">A bigot meets Jesus ; The eternity of the Church --</subfield>
    <subfield code="t">Dry bones in the valley ; The Golden Calf --</subfield>
    <subfield code="t">Except I shall see in his hands the print of the nails and thrust my hand into his side ; The king Lord of Hosts --</subfield>
    <subfield code="t">Following Jesus ; The inner conflict --</subfield>
    <subfield code="t">The foolish and wise builder ; Why have the mighty fallen --</subfield>
    <subfield code="t">Fret not thyself ; This is my beloved son --</subfield>
    <subfield code="t">Give me this mountain ; The greatest love story --</subfield>
    <subfield code="t">Hannah the ideal mother ; The eagle stirreth --</subfield>
    <subfield code="t">Jacob wrestling the angel ; The barren fig tree --</subfield>
    <subfield code="t">Lo, I am with you always ; Ye must be born again --</subfield>
    <subfield code="t">My kingdom is not of this world ; John's vision of a new heaven --</subfield>
    <subfield code="t">Nothing shall separate me from the love of God ; How long halt ye between two opinions? --</subfield>
    <subfield code="t">Paul's meditation on immortality ; Watchman, what of the night? --</subfield>
    <subfield code="t">The preacher that got drunk ; Moses at the Red Sea --</subfield>
    <subfield code="t">Pressing on ; And he went a little farther --</subfield>
    <subfield code="t">The 23rd Psalm ; The prodigal son.</subfield>
  </datafield>
  <datafield tag="500" ind1=" " ind2=" ">
    <subfield code="a">Donor: 1771</subfield>
  </datafield>
  <datafield tag="650" ind1=" " ind2="0">
    <subfield code="a">Sermons, American.</subfield>
  </datafield>
  <datafield tag="650" ind1=" " ind2="0">
    <subfield code="a">African American Baptists</subfield>
    <subfield code="v">Sermons.</subfield>
  </datafield>
  <datafield tag="650" ind1=" " ind2="0">
    <subfield code="a">Baptists</subfield>
    <subfield code="v">Sermons.</subfield>
  </datafield>
  <datafield tag="655" ind1=" " ind2="7">
    <subfield code="a">Sound recordings.</subfield>
    <subfield code="2">aat</subfield>
  </datafield>
  <datafield tag="655" ind1=" " ind2="7">
    <subfield code="a">Compact discs.</subfield>
    <subfield code="2">aat</subfield>
  </datafield>
  <datafield tag="852" ind1="8" ind2=" ">
    <subfield code="a">MiU-H</subfield>
    <subfield code="b">BENT</subfield>
    <subfield code="h">99110 Aa 2</subfield>
  </datafield>
  <datafield tag="998" ind1=" " ind2=" ">
    <subfield code="c">LAC</subfield>
  </datafield>
  <datafield tag="955" ind1=" " ind2=" ">
    <subfield code="b">BENT</subfield>
    <subfield code="p">B1714290</subfield>
  </datafield>
</record>
